@manual{xs,
  title= {python 官方文档},
  address= {http://www.python.org/doc/}
};
@manual{xss,
  title= {ruby 官方文档 },
  address= {http://www.ruby-lang.org/en/documentation/} 
};
@manual{xsss,
  title= {php 官方文档 },
  address= {http://www.php.net/manual/zh/} 
};


@Book{x1 ,
  author = {蒋立源},
  title =  {编译原理},
  publisher = {西北工业大学出版社},
  year = 2009,
  edition = 3,
};

@Book{x2 ,
  author = {(美)霍普克罗夫特J E},
  title =  {形式语言与自动机的关系},
  publisher = {北京科学出版社},
  year = 1979 ,
};

@Book{x3 ,
  author = {Richard Jones,Rafael Lins},
  title =  {Algorithms for Automatic Dynamic Memory Management},
  publisher = {北京科学出版社},
  year = 2004 ,
};
@Book{x4 ,
  author = {(美)Bill Venners 著. 曹晓钢，蒋靖，译},
  title =  {深入java虚拟机},
  publisher = {机械工业出版社},
  year = 2003 ,
};

@article{x5,
  author = {James Power},
  title =  {Notes on Formal Language Theory and Parsing},
  year = 2002 ,
};

@Book{x6 ,
  author = {Jonatham B. Rosenberg},
  title =  {How Debuggers Work Algorithms,Data Structures and Architecture},
  publisher = {Wiley Computer},
  year = 1996 ,
};

@Book{x7 ,
  author = {陈儒},
  title =  {Python源码剖析--深入探索动态语言核心技术},
  publisher = {电子工业出版社},
  year =2008 ,
};

@Book{x8 ,
  author = {程虎，曹东启},
  title =  {编译程序入门},
  publisher = {科学出版社},
  year =1974 ,
};

@Book{x9 ,
  author = {(美)金诗伯格S},
  title =  {上下文无关语言的数学理论. 陈力行，译},
  publisher = {山东大学出版社},
  year =1986 ,
};

@article{y5,
  author = {David Detlefs, Christine Flood, Steve Heller, Tony Printezis Sun Microsystems, Incr},
  title =  {GarbageFirst Garbage Collection},
  journal={ISMM},
  year = 2004 ,
};
